@misc{bittorrentAbout,
  author       = {{BitTorrent Inc.}},
  title        = {About BitTorrent | Creator of the World’s Leading P2P Protocol},
  year         = {n.d.},
  note         = {Accessed 2025},
  howpublished = {\url{https://www.bittorrent.com/company/about-us/}}
}

@misc{howstuffworks2005,
  author       = {{HowStuffWorks}},
  title        = {How BitTorrent Works},
  year         = {2005},
  month        = {March 26},
  note         = {Accessed 2025},
  howpublished = {\url{https://computer.howstuffworks.com/bittorrent2.htm}}
}

@misc{wikipedia2020,
  author       = {{Wikipedia contributors}},
  title        = {BitTorrent},
  year         = {2020},
  month        = {April 12},
  note         = {Accessed 2025},
  howpublished = {\url{https://en.wikipedia.org/wiki/BitTorrent}}
}

@online{systemdesignschool_p2p,
  title        = {Understanding Peer-to-Peer Architecture},
  year         = {n.d.},
  url          = {https://systemdesignschool.io/blog/peer-to-peer-architecture},
  note         = {Accessed: 2025-04-20},
  organization = {Systemdesignschool.io}
}

@online{globe2013torrents,
  author       = {Globe Staff},
  title        = {Explainer: How torrents work},
  year         = {2013},
  date         = {2013-10-15},
  url          = {https://www.theglobeandmail.com/news/explainer-how-torrents-work/article14867333/},
  note         = {Accessed: 2025-04-20},
  organization = {The Globe and Mail}
}

@online{shamir2018p2pclient,
  author       = {Ittai Shamir},
  title        = {What’s the Difference Between Peer to Peer and Client Server?},
  year         = {2018},
  date         = {2018-09-26},
  url          = {https://www.resilio.com/blog/whats-the-difference-between-peer-to-peer-and-client-server},
  note         = {Accessed: 2025-04-20},
  organization = {Resilio Blog}
}

@article{rafique2017academictorrents,
  author    = {M. A. Rafique and A. Khan and A. Hanif},
  title     = {Academic Torrents: A Decentralized Platform for Academic Data Distribution},
  journal   = {Journal of Grid Computing},
  volume    = {15},
  number    = {4},
  pages     = {577--591},
  year      = {2017},
  publisher = {Springer},
  doi       = {10.1007/s10723-017-9402-3}
}

@article{obar2015socialmediaethics,
  author    = {Jonathan A. Obar and Steven S. Wildman},
  title     = {Social media definition and the governance challenge: An introduction to the special issue},
  journal   = {Telecommunications Policy},
  volume    = {39},
  number    = {9},
  pages     = {745--750},
  year      = {2015},
  publisher = {Elsevier},
  doi       = {10.1016/j.telpol.2014.12.002}
}

@article{ding2005bittorrentperformance,
  author    = {Xiaoyong Ding and Xiaodong Zhang},
  title     = {An Analysis of BitTorrent Performance in High-Speed Networks},
  journal   = {IEEE Journal on Selected Areas in Communications},
  volume    = {23},
  number    = {1},
  pages     = {96--107},
  year      = {2005},
  publisher = {IEEE}
}
